@BOOK {vandalen,
    author    = "Dirk van Dalen",
    title     = "Logic and Structure",
    publisher = "Springer",
    year      = "2004",
    series    = "Universitext (1979)"
}
@BOOK {schwichtenberg,
    author    = "Schwichtenberg, H. and Wainer, S.S.",
    title     = "Proofs and Computations",
    publisher = "Cambridge University Press",
    year      = "2011",
    series    = "Perspectives in Logic"
}
